@incollection{NIPS2003_2397,
title = {Max-Margin Markov Networks},
author = {Taskar, Ben and Guestrin, Carlos and Daphne Koller},
booktitle = {Advances in Neural Information Processing Systems 16},
editor = {S. Thrun and L. K. Saul and P. B. Sch\"{o}lkopf},
pages = {25--32},
year = {2004},
publisher = {MIT Press},
url = {http://papers.nips.cc/paper/2397-max-margin-markov-networks.pdf}
}
