@misc{slides,
author = {Francis Bach},
title = {Tutorial on stochastic optimization},
note = "[NIPS]",
year = {2016},
howpublished = {\url{https://www.di.ens.fr/~fbach/fbach_tutorial_vr_nips_2016.pdf}}
}

@article{DefazioBL14,
  author    = {Aaron Defazio and
               Francis R. Bach and
               Simon Lacoste{-}Julien},
  title     = {{SAGA:} {A} Fast Incremental Gradient Method With Support for Non-Strongly
               Convex Composite Objectives},
  journal   = {CoRR},
  volume    = {abs/1407.0202},
  year      = {2014}
}

@inproceedings{Hofmann2015,
  title={Variance Reduced Stochastic Gradient Descent with Neighbors},
  author={Thomas Hofmann and Aur{\'e}lien Lucchi and Simon Lacoste-Julien and Brian McWilliams},
  booktitle={NIPS},
  year={2015}
}